<?xml version="1.0" encoding="UTF-8"?><collection xmlns="http://www.loc.gov/MARC21/slim"><record><leader>00497nam--2200169-i-4500</leader><controlfield tag="001">000006584</controlfield><controlfield tag="002">20161230</controlfield><controlfield tag="005">20161230201026</controlfield><controlfield tag="008">060222s1000------------r-----000-0-eng-d</controlfield><datafield ind1=" " ind2=" " tag="040"><subfield code="a">IFIN-HH</subfield></datafield><datafield ind1=" " ind2=" " tag="080"><subfield code="a">621.039.62</subfield></datafield><datafield ind1="1" ind2=" " tag="110"><subfield code="a">The Institutuin of Electrical Engineers</subfield></datafield><datafield ind1="1" ind2="0" tag="245"><subfield code="a">Convention on thermonuclear processes. 29th and 30th april, 1959</subfield></datafield><datafield ind1=" " ind2=" " tag="260"><subfield code="a">London, The Institution Of Electrical Engineers, 1959</subfield></datafield><datafield ind1=" " ind2=" " tag="300"><subfield code="a">PAG.DIF</subfield></datafield><datafield ind1=" " ind2=" " tag="852"><subfield code="a">3126</subfield><subfield code="c">533.9</subfield></datafield><datafield ind1=" " ind2=" " tag="CAT"><subfield code="a">Sys</subfield><subfield code="c">20100916</subfield><subfield code="h">124114</subfield></datafield></record></collection>